@article{Lloyd1982,
  author    = {S. Lloyd},
  title     = {Least squares quantization in PCM},
  journal   = {IEEE Transactions on Information Theory},
  volume    = {28},
  number    = {2},
  pages     = {129--137},
  year      = {1982},
  doi       = {10.1109/TIT.1982.1056489},
  url       = {https://ieeexplore.ieee.org/document/1056489}
}

@inproceedings{Ester1996,
  author    = {M. Ester and H.-P. Kriegel and J. Sander and X. Xu},
  title     = {A density-based algorithm for discovering clusters in large spatial databases with noise},
  booktitle = {Proceedings of the 2nd International Conference on Knowledge Discovery and Data Mining (KDD-96)},
  pages     = {226--231},
  year      = {1996},
  url       = {https://dl.acm.org/doi/10.1145/231920.231973}
}

@inproceedings{Breunig2000,
  author    = {M. M. Breunig and H.-P. Kriegel and R. T. Ng and J. Sander},
  title     = {LOF: Identifying density-based local outliers},
  booktitle = {Proceedings of the 2000 ACM SIGMOD International Conference on Management of Data},
  pages     = {93--104},
  year      = {2000},
  url       = {https://dl.acm.org/doi/10.1145/342009.335372}
}

@book{Mossberger2013,
  author    = {K. Mossberger and C. M. Tolbert and R. S. McNeal},
  title     = {Digital citizenship: The internet, society, and participation},
  publisher = {MIT Press},
  year      = {2013},
  url       = {https://mitpress.mit.edu/books/digital-citizenship}
}

@inproceedings{Benk2019,
  author    = {F. Benk and M. Rainer},
  title     = {AI in Smart Cities: A Survey},
  booktitle = {4th International Conference on Computational Intelligence and Communication Networks},
  pages     = {24--29},
  year      = {2019},
  url       = {https://ieeexplore.ieee.org/document/8900707}
}

@article{Jain2010,
  author    = {A. K. Jain},
  title     = {Data clustering: 50 years beyond K-means},
  journal   = {Pattern Recognition Letters},
  volume    = {31},
  number    = {8},
  pages     = {651--666},
  year      = {2010},
  url       = {https://www.sciencedirect.com/science/article/pii/S016786551000027X}
}

@book{Roth2015,
  author    = {M. Roth and C. Hirt},
  title     = {Urban Networks in a Globalizing World: Interactions and Developments},
  publisher = {Routledge},
  year      = {2015},
  url       = {https://www.routledge.com/Urban-Networks-in-a-Globalizing-World-Interactions-and-Developments/Roth-Hirt/p/book/9781138807177}
}

@book{Wasserman2020,
  author    = {S. Wasserman and K. Faust},
  title     = {Social Network Analysis: Methods and Applications},
  publisher = {Cambridge University Press},
  year      = {2020},
  url       = {https://www.cambridge.org/core/books/social-network-analysis/DA4A7C5C2D0FF1B35A9A8F1F4A2C32B2}
}
